@article{wikiNaiveBayes,
    author = {From Wikipedia},
    title = {Naive Bayes classifier},
    url  = {https://en.wikipedia.org/wiki/Naive_Bayes_classifier}
}

@article{wikiDTC,
    author = {From Wikipedia},
    title = {Decision tree learning},
    url = {https://en.wikipedia.org/wiki/Decision_tree_learning}
}

@article{KMeansClustering,
    author = {Cristiano Casadei},
    title = {Apprendimento non supervisionato â€“ Clustering K-means},
    url = {https://www.developersmaggioli.it/blog/apprendimento-non-supervisionato-clustering-k-means/}
}